<record xmlns:xsi="http://www.w3.org/2001/XMLSchema-instance" xmlns="http://www.loc.gov/MARC21/slim" xsi:schemaLocation="http://www.loc.gov/MARC21/slim http://www.loc.gov/standards/marcxml/schema/MARC21slim.xsd">

  <leader>00445nam a2200157Ia 4500</leader>
  <datafield tag="999" ind1=" " ind2=" ">
    <subfield code="c">1546</subfield>
    <subfield code="d">1546</subfield>
  </datafield>
  <controlfield tag="008">180226b1997    cl ||||| |||| 00| | spa d</controlfield>
  <datafield ind1=" " tag="090" ind2=" ">
    <subfield code="a">06.02.01 </subfield>
    <subfield code="b">236</subfield>
  </datafield>
  <datafield ind1="1" tag="100" ind2=" ">
    <subfield code="9">347</subfield>
    <subfield code="a">Puryear, Jeffrey M.</subfield>
  </datafield>
  <datafield tag="245" ind1="1" ind2="0">
    <subfield code="a">Educación en América Latina : problemas y desafíos</subfield>
  </datafield>
  <datafield ind1=" " tag="260" ind2=" ">
    <subfield code="a">Santiago de Chile : </subfield>
    <subfield code="b">PREAL, </subfield>
    <subfield code="c">1997</subfield>
  </datafield>
  <datafield ind2=" " ind1=" " tag="300">
    <subfield code="a">18 páginas</subfield>
  </datafield>
  <datafield ind2=" " tag="490" ind1=" ">
    <subfield code="a">Documentos no.7</subfield>
  </datafield>
  <datafield tag="650" ind1="1" ind2="4">
    <subfield code="a">EDUCACIÓN</subfield>
    <subfield code="9">1</subfield>
  </datafield>
  <datafield ind2="4" tag="650" ind1="1">
    <subfield code="a">ECONOMÍA DE LA EDUCACIÓN</subfield>
    <subfield code="9">3398</subfield>
  </datafield>
  <datafield ind2="4" tag="650" ind1="1">
    <subfield code="a">CALIDAD DE LA EDUCACIÓN</subfield>
    <subfield code="9">11</subfield>
  </datafield>
  <datafield ind2="4" ind1="1" tag="650">
    <subfield code="a">DATOS ESTADÍSTICOS</subfield>
    <subfield code="9">452</subfield>
  </datafield>
  <datafield ind2=" " ind1=" " tag="942">
    <subfield code="2">z</subfield>
    <subfield code="c">01</subfield>
  </datafield>
</record>